<record><leader>00000cas a22000007a 4500</leader><controlfield tag="001">15866787</controlfield><controlfield tag="008">870609d19721977iaudn ne      0    0eng d</controlfield><datafield ind1=" " ind2=" " tag="010"><subfield code="a">sn 87058306 </subfield></datafield><datafield ind1=" " ind2=" " tag="040"><subfield code="a">INP</subfield><subfield code="b">eng</subfield><subfield code="c">INP</subfield><subfield code="d">NSD</subfield><subfield code="d">INP</subfield><subfield code="d">OCLCQ</subfield></datafield><datafield ind1=" " ind2=" " tag="042"><subfield code="a">msc</subfield></datafield><datafield ind1="0" ind2=" " tag="130"><subfield code="a">Oskaloosa daily herald (Oskaloosa, Iowa : 1972)</subfield></datafield><datafield ind1="1" ind2="0" tag="245"><subfield code="a">Oskaloosa daily herald.</subfield></datafield><datafield ind1=" " ind2=" " tag="260"><subfield code="a">Oskaloosa, Iowa :</subfield><subfield code="b">[s.n.],</subfield><subfield code="c">1972-1977.</subfield></datafield><datafield ind1=" " ind2=" " tag="300"><subfield code="a">6 v.</subfield></datafield><datafield ind1=" " ind2=" " tag="310"><subfield code="a">Daily (except Sunday)</subfield></datafield><datafield ind1="0" ind2=" " tag="362"><subfield code="a">122nd year, no. 127 (Feb. 28, 1972)-127th year, no. 156 (Mar. 4, 1977).</subfield></datafield><datafield ind1=" " ind2=" " tag="500"><subfield code="a">Publisher: Oskaloosa Newspapers, Inc., &lt;Oct. 1-24, 1974&gt;.</subfield></datafield><datafield ind1=" " ind2=" " tag="752"><subfield code="a">United States</subfield><subfield code="b">Iowa</subfield><subfield code="c">Mahaska</subfield><subfield code="d">Oskaloosa.</subfield></datafield><datafield ind1="0" ind2="0" tag="780"><subfield code="t">Daily herald (Oskaloosa, Iowa : 1970)</subfield><subfield code="w">(DLC)sn 87058305</subfield></datafield><datafield ind1="0" ind2="0" tag="785"><subfield code="t">Oskaloosa herald (Oskaloosa, Iowa : 1977)</subfield><subfield code="x">0898-2066</subfield><subfield code="w">(DLC)sn 87058307</subfield></datafield></record>